@online{kafkaDoc,
  title = {{Apache Kafka Documentation}},
  howpublished = {\url{https://kafka.apache.org/documentation}},
  note = {Accessed: 2024-01-04}
}

@online{mqtt,
  title = {{MQTT: The Standard for IoT Messaging}},
  howpublished = {\url{https://mqtt.org}},
  note = {Accessed: 2024-01-04}
}

@article{barga2006consistent,
  title={Consistent streaming through time: A vision for event stream processing},
  author={Barga, Roger S and Goldstein, Jonathan and Ali, Mohamed and Hong, Mingsheng},
  journal={arXiv preprint cs/0612115},
  year={2006}
}

@inproceedings{hugo2020bridging,
  title={Bridging MQTT and Kafka to support C-ITS: A feasibility study},
  author={Hugo, {\AA}smund and Morin, Brice and Svantorp, Karl},
  booktitle={2020 21st IEEE International Conference on Mobile Data Management (MDM)},
  pages={371--376},
  year={2020},
  organization={IEEE}
}

@article{al2020investigating,
  title={Investigating messaging protocols for the Internet of Things (IoT)},
  author={Al-Masri, Eyhab and Kalyanam, Karan Raj and Batts, John and Kim, Jonathan and Singh, Sharanjit and Vo, Tammy and Yan, Charlotte},
  journal={IEEE Access},
  volume={8},
  pages={94880--94911},
  year={2020},
  publisher={IEEE}
}

@book{shapira2021kafka,
  title={Kafka: the definitive guide},
  author={Shapira, Gwen and Palino, Todd and Sivaram, Rajini and Petty, Krit},
  year={2021},
  publisher={" O'Reilly Media, Inc."}
}

@article{lazidis2022publish,
  title={Publish--Subscribe approaches for the IoT and the cloud: Functional and performance evaluation of open-source systems},
  author={Lazidis, Apostolos and Tsakos, Konstantinos and Petrakis, Euripides GM},
  journal={Internet of Things},
  volume={19},
  pages={100538},
  year={2022},
  publisher={Elsevier}
}

% ##### Smart Meter
@online{smartMeterOE, 
    howpublished={https://oesterreichsenergie.at/smart-meter}, 
    title={Smart Meter: Oesterreichs Energie}, 
    note = {Accessed: 2024-01-26}
}

@online{mosquitto, 
    howpublished={https://mosquitto.org}, 
    title={Eclipse Mosquitto}, 
    note = {Accessed: 2024-01-26}
}

@misc{smartMeterAdapter,
    title={Konzept f√ºr einen "Smart-Meter Kundenschnittstellen Adapter" zur Standardisierung der Datenbereitstellung in der Kundenanlage},
    author={Oesterreichs Energie},
    year={2021}
}

@inproceedings{amaro2011implementing,
  title={Implementing an advanced meter reading infrastructure using a z-wave compliant wireless sensor network},
  author={Amaro, Pedro and Cortes{\~a}o, Rui and Landeck, Jorge and Santos, Paulo},
  booktitle={Proceedings of the 2011 3rd international youth conference on energetics (IYCE)},
  pages={1--6},
  year={2011},
  organization={IEEE}
}

@BOOK{Pacheco2023,
	AUTHOR = {Pacheco, Diego AND Sgro, Sam},
	YEAR = {2023},
	TITLE = {Principles of Software Architecture Modernization - Delivering engineering excellence with the art of fixing microservices, monoliths, and distributed monoliths (English Edition)},
	EDITION = {},
	ISBN = {978-9-355-51953-5},
	PUBLISHER = {BPB Publications},
}

@misc{kull2023secure,
  title={Secure log-management for an Apache Kafka-based data-streaming service},
  author={Kull, Hjalmar and Hujic, Mirza},
  year={2023}
}

@phdthesis{kernitzkyimehrwert,
  title={Der Mehrwert von Smart Meter f{\"u}r den Netzkunden: die M{\"o}glichkeiten und Rechte des Netzbenutzers im Zusammenhang mit dem Smart Meter-Betrieb/Mag. a Martina Kernitzkyi-Fink},
  author={Kernitzkyi-Fink, Martina Christiane},
  school={Karl-Franzens-Universit{\"a}t Graz}
}